@article{querfurth2010mechanisms,
  title={Mechanisms of disease},
  author={Querfurth, Henry W and LaFerla, Frank M},
  journal={N Engl J Med},
  volume={362},
  number={4},
  pages={329--344},
  year={2010}
}
@article{Burns2009,
abstract = {In the second of two articles about dementia, the authors focus on Alzheimer's disease (AD), which is the most common cause of dementia and affects about 6\% of the population aged 65+ and increases in incidence with age. They review the diagnosis and medical management of Alzheimer's disease, relying where possible on evidence from randomised controlled trials. They searched Medline and Pubmed from 2006 to September 2008, previous work having been summarised in "Dementia: supporting people with dementia and their carers in health and social care", joint dementia guidelines published by the National Institute for Health and Clinical Excellence (NICE) and the Social Care Institute for Excellence (SCIE) in 2006. They searched the Cochrane database (2008 version) for randomised controlled trials for drug treatment and psychosocial interventions. They used their own knowledge of the literature to select authoritative reviews to supplement these sources. This article is aimed at the non-specialist, and notes risk factors for Alzheimer's disease as well as suggesting additional educational resources. (RH).},
author = {Burns, Alistair and Iliffe, Steve},
doi = {10.1136/bmj.b158},
isbn = {09598138},
journal = {BMJ},
keywords = {Dementia Literature reviews.},
pages = {467--471 ST  -- Alzheimer's disease},
title = {{Alzheimer's disease}},
volume = {338},
year = {2009}
}
@article{klunk2004imaging,
  title={Imaging brain amyloid in Alzheimer's disease with Pittsburgh Compound-B},
  author={Klunk, William E and Engler, Henry and Nordberg, Agneta and Wang, Yanming and Blomqvist, Gunnar and Holt, Daniel P and Bergstr{\"o}m, Mats and Savitcheva, Irina and Huang, Guo-Feng and Estrada, Sergio and others},
  journal={Annals of neurology},
  volume={55},
  number={3},
  pages={306--319},
  year={2004},
  publisher={Wiley Online Library}
}
@article{braak1991neuropathological,
  title={Neuropathological stageing of Alzheimer-related changes},
  author={Braak, H and Braak, E},
  journal={Acta neuropathologica},
  volume={82},
  number={4},
  pages={239--259},
  year={1991},
  publisher={Springer}
}
@article{blennow2003csf,
  title={CSF markers for incipient Alzheimer's disease},
  author={Blennow, Kaj and Hampel, Harald},
  journal={The Lancet Neurology},
  volume={2},
  number={10},
  pages={605--613},
  year={2003},
  publisher={Elsevier}
}
@article{herholz2012use,
  title={Use of FDG PET as an imaging biomarker in clinical trials of Alzheimer's disease},
  author={Herholz, Karl},
  journal={Biomarkers in medicine},
  volume={6},
  number={4},
  pages={431--439},
  year={2012},
  publisher={Future Medicine}
}
@article{freeborough1997boundary,
  title={The boundary shift integral: an accurate and robust measure of cerebral volume changes from registered repeat MRI},
  author={Freeborough, Peter and Fox, Nick C and others},
  journal={Medical Imaging, IEEE Transactions on},
  volume={16},
  number={5},
  pages={623--629},
  year={1997},
  publisher={IEEE}
}
@article{mckhann1984clinical,
  title={Clinical diagnosis of Alzheimer's disease Report of the NINCDS-ADRDA Work Group* under the auspices of Department of Health and Human Services Task Force on Alzheimer's Disease},
  author={McKhann, Guy and Drachman, David and Folstein, Marshall and Katzman, Robert and Price, Donald and Stadlan, Emanuel M},
  journal={Neurology},
  volume={34},
  number={7},
  pages={939--939},
  year={1984},
  publisher={AAN Enterprises}
}
@article{fonteijn2012event,
  title={An event-based model for disease progression and its application in familial Alzheimer's disease and Huntington's disease},
  author={Fonteijn, Hubert M and Modat, Marc and Clarkson, Matthew J and Barnes, Josephine and Lehmann, Manja and Hobbs, Nicola Z and Scahill, Rachael I and Tabrizi, Sarah J and Ourselin, Sebastien and Fox, Nick C and others},
  journal={NeuroImage},
  volume={60},
  number={3},
  pages={1880--1889},
  year={2012},
  publisher={Elsevier}
}
@article{young2014data,
  title={A data-driven model of biomarker changes in sporadic Alzheimer's disease},
  author={Young, Alexandra L and Oxtoby, Neil P and Daga, Pankaj and Cash, David M and Fox, Nick C and Ourselin, Sebastien and Schott, Jonathan M and Alexander, Daniel C},
  journal={Brain},
  volume={137},
  number={9},
  pages={2564--2577},
  year={2014},
  publisher={Oxford Univ Press}
}
@article{jackson2003multistate,
  title={Multistate Markov models for disease progression with classification error},
  author={Jackson, Christopher H and Sharples, Linda D and Thompson, Simon G and Duffy, Stephen W and Couto, Elisabeth},
  journal={Journal of the Royal Statistical Society: Series D (The Statistician)},
  volume={52},
  number={2},
  pages={193--209},
  year={2003},
  publisher={Wiley Online Library}
}
@article{guihenneuc2000modeling,
  title={Modeling markers of disease progression by a hidden Markov process: application to characterizing CD4 cell decline},
  author={Guihenneuc-Jouyaux, Chantal and Richardson, Sylvia and Longini, Ira M},
  journal={Biometrics},
  volume={56},
  number={3},
  pages={733--741},
  year={2000},
  publisher={Wiley Online Library}
}
@article{jack2013brain,
  title={Brain $\beta$-amyloid load approaches a plateau},
  author={Jack, Clifford R and Wiste, Heather J and Lesnick, Timothy G and Weigand, Stephen D and Knopman, David S and Vemuri, Prashanthi and Pankratz, Vernon S and Senjem, Matthew L and Gunter, Jeffrey L and Mielke, Michelle M and others},
  journal={Neurology},
  volume={80},
  number={10},
  pages={890--896},
  year={2013},
  publisher={AAN Enterprises}
}
@article{villemagne2013amyloid,
  title={Amyloid $\beta$ deposition, neurodegeneration, and cognitive decline in sporadic Alzheimer's disease: a prospective cohort study},
  author={Villemagne, Victor L and Burnham, Samantha and Bourgeat, Pierrick and Brown, Belinda and Ellis, Kathryn A and Salvado, Olivier and Szoeke, Cassandra and Macaulay, S Lance and Martins, Ralph and Maruff, Paul and others},
  journal={The Lancet Neurology},
  volume={12},
  number={4},
  pages={357--367},
  year={2013},
  publisher={Elsevier}
}
@incollection{oxtoby2014learning,
  title={Learning imaging biomarker trajectories from noisy Alzheimer’s disease data using a Bayesian multilevel model},
  author={Oxtoby, Neil P and Young, Alexandra L and Fox, Nick C and Daga, Pankaj and Cash, David M and Ourselin, Sebastien and Schott, Jonathan M and Alexander, Daniel C and Alzheimer’s Disease Neuroimaging Initiative and others},
  booktitle={Bayesian and grAphical Models for Biomedical Imaging},
  pages={85--94},
  year={2014},
  publisher={Springer}
}
@article{donohue2014estimating,
  title={Estimating long-term multivariate progression from short-term data},
  author={Donohue, Michael C and Jacqmin-Gadda, H{\'e}l{\`e}ne and Le Goff, M{\'e}lanie and Thomas, Ronald G and Raman, Rema and Gamst, Anthony C and Beckett, Laurel A and Jack, Clifford R and Weiner, Michael W and Dartigues, Jean-Fran{\c{c}}ois and others},
  journal={Alzheimer's \& Dementia},
  volume={10},
  number={5},
  pages={S400--S410},
  year={2014},
  publisher={Elsevier}
}
@article{Jedynak2012,
abstract = {While neurodegenerative diseases are characterized by steady degeneration over relatively long timelines, it is widely believed that the early stages are the most promising for therapeutic intervention, before irreversible neuronal loss occurs. Developing a therapeutic response requires a precise measure of disease progression. However, since the early stages are for the most part asymptomatic, obtaining accurate measures of disease progression is difficult. Longitudinal databases of hundreds of subjects observed during several years with tens of validated biomarkers are becoming available, allowing the use of computational methods. We propose a widely applicable statistical methodology for creating a disease progression score (DPS), using multiple biomarkers, for subjects with a neurodegenerative disease. The proposed methodology was evaluated for Alzheimer's disease (AD) using the publicly available AD Neuroimaging Initiative (ADNI) database, yielding an Alzheimer's DPS or ADPS score for each subject and each time-point in the database. In addition, a common description of biomarker changes was produced allowing for an ordering of the biomarkers. The Rey Auditory Verbal Learning Test delayed recall was found to be the earliest biomarker to become abnormal. The group of biomarkers comprising the volume of the hippocampus and the protein concentration amyloid beta and Tau were next in the timeline, and these were followed by three cognitive biomarkers. The proposed methodology thus has potential to stage individuals according to their state of disease progression relative to a population and to deduce common behaviors of biomarkers in the disease itself. © 2012 Elsevier Inc.},
author = {Jedynak, Bruno M. and Lang, Andrew and Liu, Bo and Katz, Elyse and Zhang, Yanwei and Wyman, Bradley T. and Raunig, David and Jedynak, C. Pierre and Caffo, Brian and Prince, Jerry L.},
doi = {10.1016/j.neuroimage.2012.07.059},
isbn = {doi:10.1016/j.neuroimage.2012.07.059},
issn = {10538119},
journal = {NeuroImage},
keywords = {Alzheimer's disease,Biomarkers,Disease progression score,Neurodegenerative diseases},
number = {3},
pages = {1478--1486},
pmid = {22885136},
title = {{A computational neurodegenerative disease progression score: Method and results with the Alzheimer's disease neuroimaging initiative cohort}},
volume = {63},
year = {2012}
}
@misc{Young2015data,
author = {Young, Alexandra L and Oxtoby, Neil P and Schott, Jonathan M and Alexander, Daniel C},
title = {{Data-driven models of neurodegenerative disease | ACNR | Online Neurology Journal}},
url = {http://www.acnr.co.uk/2014/12/data-driven-models-of-neurodegenerative-disease/},
urldate = {2015-07-18}
}
@article{dickerson2009cortical,
  title={The cortical signature of Alzheimer's disease: regionally specific cortical thinning relates to symptom severity in very mild to mild AD dementia and is detectable in asymptomatic amyloid-positive individuals},
  author={Dickerson, Bradford C and Bakkour, Akram and Salat, David H and Feczko, Eric and Pacheco, Jenni and Greve, Douglas N and Grodstein, Fran and Wright, Christopher I and Blacker, Deborah and Rosas, H Diana and others},
  journal={Cerebral cortex},
  volume={19},
  number={3},
  pages={497--510},
  year={2009},
  publisher={Oxford Univ Press}
}
@article{jack2010hypothetical,
  title={Hypothetical model of dynamic biomarkers of the Alzheimer's pathological cascade},
  author={Jack, Clifford R and Knopman, David S and Jagust, William J and Shaw, Leslie M and Aisen, Paul S and Weiner, Michael W and Petersen, Ronald C and Trojanowski, John Q},
  journal={The Lancet Neurology},
  volume={9},
  number={1},
  pages={119--128},
  year={2010},
  publisher={Elsevier}
}
@article{scahill2002mapping,
  title={Mapping the evolution of regional atrophy in Alzheimer's disease: unbiased analysis of fluid-registered serial MRI},
  author={Scahill, Rachael I and Schott, Jonathan M and Stevens, John M and Rossor, Martin N and Fox, Nick C},
  journal={Proceedings of the National Academy of Sciences},
  volume={99},
  number={7},
  pages={4703--4707},
  year={2002},
  publisher={National Acad Sciences}
}
@article{thompson2001cortical,
  title={Cortical change in Alzheimer's disease detected with a disease-specific population-based brain atlas},
  author={Thompson, Paul M and Mega, Michael S and Woods, Roger P and Zoumalan, Chris I and Lindshield, Chris J and Blanton, Rebecca E and Moussai, Jacob and Holmes, Colin J and Cummings, Jeffrey L and Toga, Arthur W},
  journal={Cerebral Cortex},
  volume={11},
  number={1},
  pages={1--16},
  year={2001},
  publisher={Oxford Univ Press}
}
@article{thompson2003dynamics,
  title={Dynamics of gray matter loss in Alzheimer's disease},
  author={Thompson, Paul M and Hayashi, Kiralee M and De Zubicaray, Greig and Janke, Andrew L and Rose, Stephen E and Semple, James and Herman, David and Hong, Michael S and Dittmer, Stephanie S and Doddrell, David M and others},
  journal={The Journal of Neuroscience},
  volume={23},
  number={3},
  pages={994--1005},
  year={2003},
  publisher={Soc Neuroscience}
}
@article{jack2013tracking,
  title={Tracking pathophysiological processes in Alzheimer's disease: an updated hypothetical model of dynamic biomarkers},
  author={Jack, Clifford R and Knopman, David S and Jagust, William J and Petersen, Ronald C and Weiner, Michael W and Aisen, Paul S and Shaw, Leslie M and Vemuri, Prashanthi and Wiste, Heather J and Weigand, Stephen D and others},
  journal={The Lancet Neurology},
  volume={12},
  number={2},
  pages={207--216},
  year={2013},
  publisher={Elsevier}
}
@misc{bishop2007pattern,
  title={Pattern Recognition and Machine Learning (Information Science and Statistics), 1st edn. 2006. corr. 2nd printing edn},
  author={Bishop, C},
  year={2007},
  publisher={Springer, New York}
}
@article{stigler1989francis,
  title={Francis Galton's account of the invention of correlation},
  author={Stigler, Stephen M},
  journal={Statistical Science},
  volume={4},
  number={2},
  pages={73--79},
  year={1989},
  publisher={Institute of Mathematical Statistics}
}
@article{lee1988thirteen,
  title={Thirteen ways to look at the correlation coefficient},
  author={Lee Rodgers, Joseph and Nicewander, W Alan},
  journal={The American Statistician},
  volume={42},
  number={1},
  pages={59--66},
  year={1988},
  publisher={Taylor \& Francis}
}
@article{szekely2005hierarchical,
  title={Hierarchical clustering via joint between-within distances: Extending Ward's minimum variance method},
  author={Szekely, Gabor J and Rizzo, Maria L},
  journal={Journal of classification},
  volume={22},
  number={2},
  pages={151--183},
  year={2005},
  publisher={Springer}
}
@article{sokal1958statistical,
  title={A statistical method for evaluating systematic relationships},
  author={Sokal, Robert R},
  journal={Univ Kans Sci Bull},
  volume={38},
  pages={1409--1438},
  year={1958}
}
@inproceedings{boser1992training,
  title={A training algorithm for optimal margin classifiers},
  author={Boser, Bernhard E and Guyon, Isabelle M and Vapnik, Vladimir N},
  booktitle={Proceedings of the fifth annual workshop on Computational learning theory},
  pages={144--152},
  year={1992},
  organization={ACM}
}
@article{cortes1995support,
  title={Support-vector networks},
  author={Cortes, Corinna and Vapnik, Vladimir},
  journal={Machine learning},
  volume={20},
  number={3},
  pages={273--297},
  year={1995},
  publisher={Springer}
}
@book{vapnik2006estimation,
  title={Estimation of dependences based on empirical data},
  author={Vapnik, Vladimir},
  year={2006},
  publisher={Springer Science \& Business Media}
}
@article{luenberger1984linear,
  title={Linear and nonlinear optimization},
  author={Luenberger, D and Ye, Y},
  journal={Linear and Nonlinear Optimization},
  year={1984},
  publisher={Addison Wesley}
}
@article{aizerman1964theoretical,
  title={Theoretical foundations of the potential function method in pattern recognition learning},
  author={Aizerman, A and Braverman, Emmanuel M and Rozoner, LI},
  journal={Automation and remote control},
  volume={25},
  pages={821--837},
  year={1964}
}
@article{moody1989fast,
  title={Fast learning in networks of locally-tuned processing units},
  author={Moody, John and Darken, Christian J},
  journal={Neural computation},
  volume={1},
  number={2},
  pages={281--294},
  year={1989},
  publisher={MIT Press}
}
@article{metropolis1953equation,
  title={Equation of state calculations by fast computing machines},
  author={Metropolis, Nicholas and Rosenbluth, Arianna W and Rosenbluth, Marshall N and Teller, Augusta H and Teller, Edward},
  journal={The journal of chemical physics},
  volume={21},
  number={6},
  pages={1087--1092},
  year={1953},
  publisher={AIP Publishing}
}
@article{hastings1970monte,
  title={Monte Carlo sampling methods using Markov chains and their applications},
  author={Hastings, W Keith},
  journal={Biometrika},
  volume={57},
  number={1},
  pages={97--109},
  year={1970},
  publisher={Biometrika Trust}
}
@article{dhikav2011potential,
  title={Potential predictors of hippocampal atrophy in Alzheimer’s disease},
  author={Dhikav, Vikas and Anand, Kuljeet},
  journal={Drugs \& aging},
  volume={28},
  number={1},
  pages={1--11},
  year={2011},
  publisher={Springer}
}
@article{crutch2013shining,
  title={Shining a light on posterior cortical atrophy},
  author={Crutch, Sebastian J and Schott, Jonathan M and Rabinovici, Gil D and Boeve, Bradley F and Cappa, Stefano F and Dickerson, Bradford C and Dubois, Bruno and Graff-Radford, Neill R and Krolak-Salmon, Pierre and Lehmann, Manja and others},
  journal={Alzheimer's \& Dementia},
  volume={9},
  number={4},
  pages={463--465},
  year={2013},
  publisher={Elsevier}
}
@article{crutch2012posterior,
  title={Posterior cortical atrophy},
  author={Crutch, Sebastian J and Lehmann, Manja and Schott, Jonathan M and Rabinovici, Gil D and Rossor, Martin N and Fox, Nick C},
  journal={The Lancet Neurology},
  volume={11},
  number={2},
  pages={170--178},
  year={2012},
  publisher={Elsevier}
}
@inproceedings{young2015multiple,
  title={Multiple Orderings of Events in Disease Progression},
  author={Young, Alexandra L and Oxtoby, Neil P and Huang, Jonathan and Marinescu, Razvan V and Daga, Pankaj and Cash, David M and Fox, Nick C and Ourselin, Sebastien and Schott, Jonathan M and Alexander, Daniel C and others},
  booktitle={Information Processing in Medical Imaging},
  pages={711--722},
  year={2015},
  organization={Springer}
}
@article{jack2008alzheimer,
  title={The Alzheimer's disease neuroimaging initiative (ADNI): MRI methods},
  author={Jack, Clifford R and Bernstein, Matt A and Fox, Nick C and Thompson, Paul and Alexander, Gene and Harvey, Danielle and Borowski, Bret and Britson, Paula J and L Whitwell, Jennifer and Ward, Chadwick and others},
  journal={Journal of Magnetic Resonance Imaging},
  volume={27},
  number={4},
  pages={685--691},
  year={2008},
  publisher={Wiley Online Library}
}
@article{rosen1984new,
  title={A new rating scale for Alzheimer's disease.},
  author={Rosen, Wilma G and Mohs, Richard C and Davis, Kenneth L},
  journal={The American journal of psychiatry},
  year={1984},
  publisher={American Psychiatric Assn}
}
@article{rey1958examen,
  title={L'examen clinique en psychologie.},
  author={Rey, And{\'r}e},
  year={1958},
  publisher={Presses Universitaries de France}
}
@article{freeborough1997boundary,
  title={The boundary shift integral: an accurate and robust measure of cerebral volume changes from registered repeat MRI},
  author={Freeborough, Peter and Fox, Nick C and others},
  journal={Medical Imaging, IEEE Transactions on},
  volume={16},
  number={5},
  pages={623--629},
  year={1997},
  publisher={IEEE}
}
@article{leung2010robust,
  title={Robust atrophy rate measurement in Alzheimer's disease using multi-site serial MRI: tissue-specific intensity normalization and parameter selection},
  author={Leung, Kelvin K and Clarkson, Matthew J and Bartlett, Jonathan W and Clegg, Shona and Jack, Clifford R and Weiner, Michael W and Fox, Nick C and Ourselin, S{\'e}bastien and Alzheimer's Disease Neuroimaging Initiative and others},
  journal={Neuroimage},
  volume={50},
  number={2},
  pages={516--523},
  year={2010},
  publisher={Elsevier}
}
@article{leung2010automated,
  title={Automated cross-sectional and longitudinal hippocampal volume measurement in mild cognitive impairment and Alzheimer's disease},
  author={Leung, Kelvin K and Barnes, Josephine and Ridgway, Gerard R and Bartlett, Jonathan W and Clarkson, Matthew J and Macdonald, Kate and Schuff, Norbert and Fox, Nick C and Ourselin, Sebastien and Alzheimer's Disease Neuroimaging Initiative and others},
  journal={Neuroimage},
  volume={51},
  number={4},
  pages={1345--1359},
  year={2010},
  publisher={Elsevier}
}
@book{warrington1991visual,
  title={The visual object and space perception battery},
  author={Warrington, Elizabeth K and James, Merle},
  year={1991},
  publisher={Thames Valley Test Company Bury St Edmunds}
}
@article{warrington1984category,
  title={Category specific semantic impairments},
  author={Warrington, Elizabeth K and Shallice, Tim and others},
  journal={Brain},
  volume={107},
  number={3},
  pages={829--853},
  year={1984},
  publisher={Oxford Univ Press}
}
@article{wechsler2008wechsler,
  title={Wechsler adult intelligence scale--Fourth Edition (WAIS--IV)},
  author={Wechsler, David},
  journal={San Antonio, TX: NCS Pearson},
  year={2008}
}
@article{richardson2007measures,
  title={Measures of short-term memory: a historical review},
  author={Richardson, John TE},
  journal={Cortex},
  volume={43},
  number={5},
  pages={635--650},
  year={2007},
  publisher={Elsevier}
}
@article{cardoso2015geodesic,
  title={Geodesic Information Flows: Spatially-Variant Graphs and Their Application to Segmentation and Fusion},
  author={Cardoso, M Jorge and Modat, Marc and Wolz, Robin and Melbourne, Andrew and Cash, David and Rueckert, Daniel and Ourselin, Sebastien},
  year={2015},
  publisher={IEEE}
}
@article{young2013accurate,
  title={Accurate multimodal probabilistic prediction of conversion to Alzheimer's disease in patients with mild cognitive impairment},
  author={Young, Jonathan and Modat, Marc and Cardoso, Manuel J and Mendelson, Alex and Cash, Dave and Ourselin, Sebastien and Alzheimer's Disease Neuroimaging Initiative and others},
  journal={NeuroImage: Clinical},
  volume={2},
  pages={735--745},
  year={2013},
  publisher={Elsevier}
}
@article{fox1997brain,
  title={Brain atrophy progression measured from registered serial MRI: validation and application to Alzheimer's disease},
  author={Fox, Nick C and Freeborough, Peter A},
  journal={Journal of Magnetic Resonance Imaging},
  volume={7},
  number={6},
  pages={1069--1075},
  year={1997},
  publisher={Wiley Online Library}
}
@article{nestor2003topography,
  title={The topography of metabolic deficits in posterior cortical atrophy (the visual variant of Alzheimer’s disease) with FDG-PET},
  author={Nestor, PJ and Caine, D and Fryer, TD and Clarke, J and Hodges, JR},
  journal={Journal of Neurology, Neurosurgery \& Psychiatry},
  volume={74},
  number={11},
  pages={1521--1529},
  year={2003},
  publisher={BMJ Publishing Group Ltd}
}
@article{schmidtke2005posterior,
  title={Posterior cortical atrophy: variant of Alzheimer’s disease?},
  author={Schmidtke, Klaus and H{\"u}ll, PD Dr Michael and Talazko, Jochen},
  journal={Journal of neurology},
  volume={252},
  number={1},
  pages={27--35},
  year={2005},
  publisher={Springer}
}
@misc{world2013dementia,
  title={Dementia fact sheet N. 362 2012},
  author={World Health Organization (WHO) and others},
  journal={2013-05-12]. http://www, who. int/media-centre/factsheets/fs362/en/index, htmL}
}
@article{bullock2004future,
  title={Future directions in the treatment of Alzheimer's disease},
  author={Bullock, Roger},
  journal={Expert opinion on investigational drugs},
  volume={13},
  number={4},
  pages={303--314},
  year={2004},
  publisher={Ashley Publications Ltd London, UK}
}
@article{klafki2006therapeutic,
  title={Therapeutic approaches to Alzheimer's disease},
  author={Klafki, Hans-Wolfgang and Staufenbiel, Matthias and Kornhuber, Johannes and Wiltfang, Jens},
  journal={Brain},
  volume={129},
  number={11},
  pages={2840--2855},
  year={2006},
  publisher={Oxford Univ Press}
}
@article{cummings2004alzheimers,
author = {Cummings, Jeffrey L.},
title = {Alzheimers Disease},
journal = {New England Journal of Medicine},
volume = {351},
number = {1},
pages = {56-67},
year = {2004},
doi = {10.1056/NEJMra040223},
    note ={PMID: 15229308},

URL = { 
        http://dx.doi.org/10.1056/NEJMra040223
    
},
eprint = { 
        http://dx.doi.org/10.1056/NEJMra040223
    
}

}
@article{forsyth1998overview,
  title={An overview of the etiology, diagnosis, and treatment of Alzheimer disease},
  author={Forsyth, Elizabeth and Ritzline, Pamela D},
  journal={Physical therapy},
  volume={78},
  number={12},
  pages={1325--1331},
  year={1998},
  publisher={American Physical Therapy Association}
}
@article{benson1988posterior,
  title={Posterior cortical atrophy},
  author={Benson, D Frank and Davis, R Jeffrey and Snyder, Bruce D},
  journal={Archives of neurology},
  volume={45},
  number={7},
  pages={789--793},
  year={1988},
  publisher={American Medical Association}
}
@article{borruat2013posterior,
  title={Posterior cortical atrophy: review of the recent literature},
  author={Borruat, Fran{\c{c}}ois-Xavier},
  journal={Current neurology and neuroscience reports},
  volume={13},
  number={12},
  pages={1--8},
  year={2013},
  publisher={Springer}
}
@article{ashford2001modeling,
  title={Modeling the time-course of Alzheimer dementia},
  author={Ashford, J Wesson and Schmitt, Frederick A},
  journal={Current psychiatry reports},
  volume={3},
  number={1},
  pages={20--28},
  year={2001},
  publisher={Springer}
}
@article{yang2010quantifying,
  title={Quantifying the pathophysiological timeline of Alzheimer's disease.},
  author={Yang, Eric and Farnum, Michael and Lobanov, Victor and Schultz, Tim and Verbeeck, R and Raghavan, N and Samtani, MN and Novak, G and Narayan, V and DiBernardo, A},
  journal={Journal of Alzheimer's disease: JAD},
  volume={26},
  number={4},
  pages={745--753},
  year={2010}
}
@article{sabuncu2011dynamics,
  title={The dynamics of cortical and hippocampal atrophy in Alzheimer disease},
  author={Sabuncu, Mert R and Desikan, Rahul S and Sepulcre, Jorge and Yeo, Boon Thye T and Liu, Hesheng and Schmansky, Nicholas J and Reuter, Martin and Weiner, Michael W and Buckner, Randy L and Sperling, Reisa A and others},
  journal={Archives of neurology},
  volume={68},
  number={8},
  pages={1040--1048},
  year={2011},
  publisher={American Medical Association}
}
@article{todd2013survival,
  title={Survival in dementia and predictors of mortality: a review},
  author={Todd, Stephen and Barr, Stephen and Roberts, Mark and Passmore, A Peter},
  journal={International journal of geriatric psychiatry},
  volume={28},
  number={11},
  pages={1109--1124},
  year={2013},
  publisher={Wiley Online Library}
}
@article{Ballard2011alzheimers,
abstract = {An estimated 24 million people worldwide have dementia, the majority of whom are thought to have Alzheimer's disease. Thus, Alzheimer's disease represents a major public health concern and has been identified as a research priority. Although there are licensed treatments that can alleviate symptoms of Alzheimer's disease, there is a pressing need to improve our understanding of pathogenesis to enable development of disease-modifying treatments. Methods for improving diagnosis are also moving forward, but a better consensus is needed for development of a panel of biological and neuroimaging biomarkers that support clinical diagnosis. There is now strong evidence of potential risk and protective factors for Alzheimer's disease, dementia, and cognitive decline, but further work is needed to understand these better and to establish whether interventions can substantially lower these risks. In this Seminar, we provide an overview of recent evidence regarding the epidemiology, pathogenesis, diagnosis, and treatment of Alzheimer's disease, and discuss potential ways to reduce the risk of developing the disease. © 2011 Elsevier Ltd.},
author = {Ballard, Clive and Gauthier, Serge and Corbett, Anne and Brayne, Carol and Aarsland, Dag and Jones, Emma},
doi = {10.1016/S0140-6736(10)61349-9},
isbn = {0140-6736},
issn = {01406736},
journal = {The Lancet},
number = {9770},
pages = {1019--1031},
pmid = {21371747},
title = {{Alzheimer's disease}},
volume = {377},
year = {2011}
}
@article{hardy1991amyloid,
  title={Amyloid deposition as the central event in the aetiology of Alzheimer's disease},
  author={Hardy, John and Allsop, David},
  journal={Trends in pharmacological sciences},
  volume={12},
  pages={383--388},
  year={1991},
  publisher={Elsevier}
}
@article{mudher2002alzheimer,
  title={Alzheimer's disease--do tauists and baptists finally shake hands?},
  author={Mudher, Amritpal and Lovestone, Simon},
  journal={Trends in neurosciences},
  volume={25},
  number={1},
  pages={22--26},
  year={2002},
  publisher={Elsevier}
}
@article{grossberg2003management,
  title={Management of Alzheimer's disease},
  author={Grossberg, George T and Desai, Abhilash K},
  journal={The Journals of Gerontology Series A: Biological Sciences and Medical Sciences},
  volume={58},
  number={4},
  pages={M331--M353},
  year={2003},
  publisher={Oxford University Press}
}
@article{ridha2006tracking,
  title={Tracking atrophy progression in familial Alzheimer's disease: a serial MRI study},
  author={Ridha, Basil H and Barnes, Josephine and Bartlett, Jonathan W and Godbolt, Alison and Pepple, Tracey and Rossor, Martin N and Fox, Nick C},
  journal={The Lancet Neurology},
  volume={5},
  number={10},
  pages={828--834},
  year={2006},
  publisher={Elsevier}
}
@article{fox1999correlation,
  title={Correlation between rates of brain atrophy and cognitive decline in AD},
  author={Fox, NC and Scahill, RI and Crum, WR and Rossor, MN},
  journal={Neurology},
  volume={52},
  number={8},
  pages={1687--1687},
  year={1999},
  publisher={AAN Enterprises}
}
@article{scahill2002mapping,
  title={Mapping the evolution of regional atrophy in Alzheimer's disease: unbiased analysis of fluid-registered serial MRI},
  author={Scahill, Rachael I and Schott, Jonathan M and Stevens, John M and Rossor, Martin N and Fox, Nick C},
  journal={Proceedings of the National Academy of Sciences},
  volume={99},
  number={7},
  pages={4703--4707},
  year={2002},
  publisher={National Acad Sciences}
}
@article{jack1997medial,
  title={Medial temporal atrophy on MRI in normal aging and very mild Alzheimer's disease},
  author={Jack, Clifford R and Petersen, Ronald C and Xu, Yue Cheng and Waring, Stephen C and O'Brien, Peter C and Tangalos, Eric G and Smith, Glenn E and Ivnik, Robert J and Kokmen, Emre},
  journal={Neurology},
  volume={49},
  number={3},
  pages={786--794},
  year={1997},
  publisher={AAN Enterprises}
}
@article{lehericy1994amygdalohippocampal,
  title={Amygdalohippocampal MR volume measurements in the early stages of Alzheimer disease.},
  author={Lehericy, Stephane and Baulac, Michel and Chiras, Jacques and Pierot, Laurent and Martin, Nadine and Pillon, Bernard and Deweer, Bernard and Dubois, Bruno and Marsault, Claude},
  journal={American Journal of Neuroradiology},
  volume={15},
  number={5},
  pages={929--937},
  year={1994},
  publisher={Am Soc Neuroradiology}
}
@article{juottonen1999comparative,
  title={Comparative MR analysis of the entorhinal cortex and hippocampus in diagnosing Alzheimer disease},
  author={Juottonen, Kirsi and Laakso, Mikko P and Partanen, Kaarina and Soininen, Hilkka},
  journal={American Journal of Neuroradiology},
  volume={20},
  number={1},
  pages={139--144},
  year={1999},
  publisher={Am Soc Neuroradiology}
}
@article{bobinski1999histological,
  title={The histological validation of post mortem magnetic resonance imaging-determined hippocampal volume in Alzheimer's disease},
  author={Bobinski, M and De Leon, MJ and Wegiel, J and Desanti, S and Convit, A and Saint Louis, LA and Rusinek, H and Wisniewski, HM},
  journal={Neuroscience},
  volume={95},
  number={3},
  pages={721--725},
  year={1999},
  publisher={Elsevier}
}
@article{schott2003assessing,
  title={Assessing the onset of structural change in familial Alzheimer's disease},
  author={Schott, Jonathan M and Fox, Nick C and Frost, Chris and Scahill, Rachael I and Janssen, John C and Chan, Dennis and Jenkins, Rhian and Rossor, Martin N},
  journal={Annals of neurology},
  volume={53},
  number={2},
  pages={181--188},
  year={2003},
  publisher={Wiley Online Library}
}
@article{goethals2001posterior,
  title={Posterior cortical atrophy. Two case reports and a review of the literature},
  author={Goethals, Maarten and Santens, Patrick},
  journal={Clinical neurology and neurosurgery},
  volume={103},
  number={2},
  pages={115--119},
  year={2001},
  publisher={Elsevier}
}
@article{andrade2010visual,
  title={Visual neglect in posterior cortical atrophy},
  author={Andrade, Katia and Samri, Dalila and Sarazin, Marie and de Souza, Leonardo C and Cohen, Laurent and de Schotten, Michel T and Dubois, Bruno and Bartolomeo, Paolo},
  journal={BMC neurology},
  volume={10},
  number={1},
  pages={68},
  year={2010},
  publisher={BioMed Central Ltd}
}
@article{andrade2012visuospatial,
  title={Visuospatial deficits in posterior cortical atrophy: structural and functional correlates},
  author={Andrade, Katia and Kas, Aur{\'e}lie and Valabr{\`e}gue, Romain and Samri, Dalila and Sarazin, Marie and Habert, Marie-Odile and Dubois, Bruno and Bartolomeo, Paolo},
  journal={Journal of Neurology, Neurosurgery \& Psychiatry},
  pages={jnnp--2012},
  year={2012},
  publisher={BMJ Publishing Group Ltd}
}
@article{andrade2013visuospatial,
  title={Visuospatial deficits and hemispheric perfusion asymmetries in posterior cortical atrophy},
  author={Andrade, Katia and Kas, Aur{\'e}lie and Samri, Dalila and Sarazin, Marie and Dubois, Bruno and Habert, Marie-Odile and Bartolomeo, Paolo},
  journal={Cortex},
  volume={49},
  number={4},
  pages={940--947},
  year={2013},
  publisher={Elsevier}
}
@article{goldstein2011posterior,
  title={Posterior cortical atrophy: an exemplar for renovating diagnostic formulation in neuropsychiatry},
  author={Goldstein, Martin A and Ivanov, Iliyan and Silverman, Michael E},
  journal={Comprehensive psychiatry},
  volume={52},
  number={3},
  pages={326--333},
  year={2011},
  publisher={Elsevier}
}
@article{mendez2002posterior,
  title={Posterior cortical atrophy: clinical characteristics and differences compared to Alzheimer’s disease},
  author={Mendez, Mario F and Ghajarania, Mehdi and Perryman, Kent M},
  journal={Dementia and geriatric cognitive disorders},
  volume={14},
  number={1},
  pages={33--40},
  year={2002},
  publisher={Karger Publishers}
}
@article{tang2004clinical,
  title={Clinical, genetic, and neuropathologic characteristics of posterior cortical atrophy},
  author={Tang-Wai, David F and Graff-Radford, NR and Boeve, BF and Dickson, DW and Parisi, JE and Crook, R and Caselli, RJ and Knopman, DS and Petersen, RC},
  journal={Neurology},
  volume={63},
  number={7},
  pages={1168--1174},
  year={2004},
  publisher={AAN Enterprises}
}
@article{rosenbloom2011distinct,
  title={Distinct clinical and metabolic deficits in PCA and AD are not related to amyloid distribution},
  author={Rosenbloom, MH and Alkalay, A and Agarwal, N and Baker, SL and O'Neil, JP and Janabi, M and Yen, IV and Growdon, M and Jang, J and Madison, C and others},
  journal={Neurology},
  volume={76},
  number={21},
  pages={1789--1796},
  year={2011},
  publisher={AAN Enterprises}
}
@article{videaud2012impact,
  title={[Impact of drug-free care in posterior cortical atrophy: Preliminary experience with a psycho-educative program].},
  author={Videaud, H{\'e}l{\`e}ne and Torny, Fr{\'e}d{\'e}ric and Cartz-Piver, Leslie and Deschamps-Vergara, N and Couratier, Philippe},
  journal={Revue neurologique},
  volume={168},
  number={11},
  pages={861--867},
  year={2012}
}
@article{weill2012physical,
  title={Physical medicine and rehabilitation multidisciplinary approach in a case of posterior cortical atrophy},
  author={Weill-Chounlamountry, A and Poncet, F and Crop, S and Hesly, N and Mouton, A and Samri, D and Sarazin, M and Pradat-Diehl, P},
  journal={Annals of physical and rehabilitation medicine},
  volume={55},
  number={6},
  pages={430--439},
  year={2012},
  publisher={Elsevier}
}
@article{lehmann2011cortical,
  title={Cortical thickness and voxel-based morphometry in posterior cortical atrophy and typical Alzheimer's disease},
  author={Lehmann, Manja and Crutch, Sebastian J and Ridgway, Gerard R and Ridha, Basil H and Barnes, Josephine and Warrington, Elizabeth K and Rossor, Martin N and Fox, Nick C},
  journal={Neurobiology of aging},
  volume={32},
  number={8},
  pages={1466--1476},
  year={2011},
  publisher={Elsevier}
}
@article{hof1997atypical,
  title={Atypical form of Alzheimer's disease with prominent posterior cortical atrophy: a review of lesion distribution and circuit disconnection in cortical visual pathways},
  author={Hof, Patrick R and Vogt, Brent A and Bouras, Constantin and Morrison, John H},
  journal={Vision research},
  volume={37},
  number={24},
  pages={3609--3625},
  year={1997},
  publisher={Elsevier}
}
@article{bateman2012clinical,
  title={Clinical and biomarker changes in dominantly inherited Alzheimer's disease},
  author={Bateman, Randall J and Xiong, Chengjie and Benzinger, Tammie LS and Fagan, Anne M and Goate, Alison and Fox, Nick C and Marcus, Daniel S and Cairns, Nigel J and Xie, Xianyun and Blazey, Tyler M and others},
  journal={New England Journal of Medicine},
  volume={367},
  number={9},
  pages={795--804},
  year={2012},
  publisher={Mass Medical Soc}
}
@article{whitwell2007imaging,
  title={Imaging correlates of posterior cortical atrophy},
  author={Whitwell, Jennifer L and Jack, Clifford R and Kantarci, Kejal and Weigand, Stephen D and Boeve, Bradley F and Knopman, David S and Drubach, Daniel A and Tang-Wai, David F and Petersen, Ronald C and Josephs, Keith A},
  journal={Neurobiology of aging},
  volume={28},
  number={7},
  pages={1051--1061},
  year={2007},
  publisher={Elsevier}
}
@article{kim2005case,
  title={A case with cholinesterase inhibitor responsive asymmetric posterior cortical atrophy},
  author={Kim, Eunhee and Lee, Yunsoo and Lee, Jongkeol and Han, Seol-Heui},
  journal={Clinical neurology and neurosurgery},
  volume={108},
  number={1},
  pages={97--101},
  year={2005},
  publisher={Elsevier}
}
@article{wakai1994unusual,
  title={Unusual findings on PET study of a patient with posterior cortical atrophy},
  author={Wakai, M and Honda, H and Takahashi, A and Kato, T and Ito, K and Hamanaka, T},
  journal={Acta neurologica scandinavica},
  volume={89},
  number={6},
  pages={458--461},
  year={1994},
  publisher={Wiley Online Library}
}
@inproceedings{schmidt2015multi,
  title={Multi-stage Biomarker Models for Progression Estimation in Alzheimer’s Disease},
  author={Schmidt-Richberg, Alexander and Guerrero, Ricardo and Ledig, Christian and Molina-Abril, Helena and Frangi, Alejandro F and Rueckert, Daniel and Alzheimers Disease Neuroimaging Initiative and others},
  booktitle={International Conference on Information Processing in Medical Imaging},
  pages={387--398},
  year={2015},
  organization={Springer}
}
@inproceedings{schiratti2015mixed,
  title={A mixed-effects model with time reparametrization for longitudinal univariate manifold-valued data},
  author={Schiratti, J-B and Allassonniere, St{\'e}phanie and Routier, Alexandre and Colliot, Olivier and Durrleman, Stanley and Alzheimers Disease Neuroimaging Initiative and others},
  booktitle={International Conference on Information Processing in Medical Imaging},
  pages={564--575},
  year={2015},
  organization={Springer}
}
@article{jedynak2012computational,
  title={A computational neurodegenerative disease progression score: method and results with the Alzheimer's Disease Neuroimaging Initiative cohort},
  author={Jedynak, Bruno M and Lang, Andrew and Liu, Bo and Katz, Elyse and Zhang, Yanwei and Wyman, Bradley T and Raunig, David and Jedynak, C Pierre and Caffo, Brian and Prince, Jerry L and others},
  journal={Neuroimage},
  volume={63},
  number={3},
  pages={1478--1486},
  year={2012},
  publisher={Elsevier}
}
@article{yang2011quantifying,
  title={Quantifying the pathophysiological timeline of Alzheimer's disease},
  author={Yang, Eric and Farnum, Michael and Lobanov, Victor and Schultz, Tim and Raghavan, Nandini and Samtani, Mahesh N and Novak, Gerald and Narayan, Vaibhav and DiBernardo, Allitia},
  journal={Journal of Alzheimer's Disease},
  volume={26},
  number={4},
  pages={745--753},
  year={2011},
  publisher={IOS Press}
}
@article{young2015simulation,
  title={A simulation system for biomarker evolution in neurodegenerative disease},
  author={Young, Alexandra L and Oxtoby, Neil P and Ourselin, Sebastien and Schott, Jonathan M and Alexander, Daniel C and Alzheimer's Disease Neuroimaging Initiative and others},
  journal={Medical image analysis},
  volume={26},
  number={1},
  pages={47--56},
  year={2015},
  publisher={Elsevier}
}
@article{bilgel2016multivariate,
  title={A multivariate nonlinear mixed effects model for longitudinal image analysis: Application to amyloid imaging},
  author={Bilgel, Murat and Prince, Jerry L and Wong, Dean F and Resnick, Susan M and Jedynak, Bruno M},
  journal={NeuroImage},
  volume={134},
  pages={658--670},
  year={2016},
  publisher={Elsevier}
}
@article{seeley2009neurodegenerative,
  title={Neurodegenerative diseases target large-scale human brain networks},
  author={Seeley, William W and Crawford, Richard K and Zhou, Juan and Miller, Bruce L and Greicius, Michael D},
  journal={Neuron},
  volume={62},
  number={1},
  pages={42--52},
  year={2009},
  publisher={Elsevier}
}
@article{bishop2006pattern,
  title={Pattern recognition},
  author={Bishop, Christopher M},
  journal={Machine Learning},
  volume={128},
  year={2006}
}
@article{reuter2012within,
  title={Within-subject template estimation for unbiased longitudinal image analysis},
  author={Reuter, Martin and Schmansky, Nicholas J and Rosas, H Diana and Fischl, Bruce},
  journal={Neuroimage},
  volume={61},
  number={4},
  pages={1402--1418},
  year={2012},
  publisher={Elsevier}
}
@article{caroli2010dynamics,
  title={The dynamics of Alzheimer's disease biomarkers in the Alzheimer's Disease Neuroimaging Initiative cohort},
  author={Caroli, A and Frisoni, GB and Alzheimer's Disease Neuroimaging Initiative and others},
  journal={Neurobiology of aging},
  volume={31},
  number={8},
  pages={1263--1274},
  year={2010},
  publisher={Elsevier}
}
@article{sabuncu2011dynamics,
  title={The dynamics of cortical and hippocampal atrophy in Alzheimer disease},
  author={Sabuncu, Mert R and Desikan, Rahul S and Sepulcre, Jorge and Yeo, Boon Thye T and Liu, Hesheng and Schmansky, Nicholas J and Reuter, Martin and Weiner, Michael W and Buckner, Randy L and Sperling, Reisa A and others},
  journal={Archives of neurology},
  volume={68},
  number={8},
  pages={1040--1048},
  year={2011},
  publisher={American Medical Association}
}
@inproceedings{schiratti2015learning,
  title={Learning spatiotemporal trajectories from manifold-valued longitudinal data},
  author={Schiratti, Jean-Baptiste and Allassonniere, St{\'e}phanie and Colliot, Olivier and Durrleman, Stanley},
  booktitle={Advances in Neural Information Processing Systems},
  pages={2404--2412},
  year={2015}
}
@inproceedings{datar2012mixed,
  title={Mixed-effects shape models for estimating longitudinal changes in anatomy},
  author={Datar, Manasi and Muralidharan, Prasanna and Kumar, Abhishek and Gouttard, Sylvain and Piven, Joseph and Gerig, Guido and Whitaker, Ross and Fletcher, P Thomas},
  booktitle={International Workshop on Spatio-temporal Image Analysis for Longitudinal and Time-Series Image Data},
  pages={76--87},
  year={2012},
  organization={Springer}
}
@article{raj2012network,
  title={A network diffusion model of disease progression in dementia},
  author={Raj, Ashish and Kuceyeski, Amy and Weiner, Michael},
  journal={Neuron},
  volume={73},
  number={6},
  pages={1204--1215},
  year={2012},
  publisher={Elsevier}
}
@article{raj2015network,
  title={Network diffusion model of progression predicts longitudinal patterns of atrophy and metabolism in Alzheimer’s disease},
  author={Raj, Ashish and LoCastro, Eve and Kuceyeski, Amy and Tosun, Duygu and Relkin, Norman and Weiner, Michael and Alzheimer’s Disease Neuroimaging Initiative (ADNI and others},
  journal={Cell reports},
  volume={10},
  number={3},
  pages={359--369},
  year={2015},
  publisher={Elsevier}
}
@article{villain2010sequential,
  title={Sequential relationships between grey matter and white matter atrophy and brain metabolic abnormalities in early Alzheimer's disease},
  author={Villain, Nicolas and Fouquet, Marine and Baron, Jean-Claude and M{\'e}zenge, Florence and Landeau, Brigitte and de La Sayette, Vincent and Viader, Fausto and Eustache, Francis and Desgranges, B{\'e}atrice and Ch{\'e}telat, Ga{\"e}l},
  journal={Brain},
  volume={133},
  number={11},
  pages={3301--3314},
  year={2010},
  publisher={Oxford Univ Press}
}
@article{englund1988white,
  title={White matter changes in dementia of Alzheimer's type},
  author={Englund, E and Brun, A and Alling, C},
  journal={Brain},
  volume={111},
  number={6},
  pages={1425--1439},
  year={1988},
  publisher={Oxford Univ Press}
}
@article{kuczynski2010white,
  title={White matter integrity and cortical metabolic associations in aging and dementia},
  author={Kuczynski, Beth and Targan, Elizabeth and Madison, Cindee and Weiner, Michael and Zhang, Yu and Reed, Bruce and Chui, Helena C and Jagust, William},
  journal={Alzheimer's \& dementia},
  volume={6},
  number={1},
  pages={54--62},
  year={2010},
  publisher={Elsevier}
}
@article{behrens2007probabilistic,
  title={Probabilistic diffusion tractography with multiple fibre orientations: What can we gain?},
  author={Behrens, TEJ and Berg, H Johansen and Jbabdi, Saad and Rushworth, MFS and Woolrich, MW},
  journal={Neuroimage},
  volume={34},
  number={1},
  pages={144--155},
  year={2007},
  publisher={Elsevier}
}
@inproceedings{kondor2002diffusion,
  title={Diffusion kernels on graphs and other discrete input spaces},
  author={Kondor, Risi Imre and Lafferty, John},
  booktitle={ICML},
  volume={2},
  pages={315--322},
  year={2002}
}
@article{zhou2010divergent,
  title={Divergent network connectivity changes in behavioural variant frontotemporal dementia and Alzheimer’s disease},
  author={Zhou, Juan and Greicius, Michael D and Gennatas, Efstathios D and Growdon, Matthew E and Jang, Jung Y and Rabinovici, Gil D and Kramer, Joel H and Weiner, Michael and Miller, Bruce L and Seeley, William W},
  journal={Brain},
  volume={133},
  number={5},
  pages={1352--1367},
  year={2010},
  publisher={Oxford Univ Press}
}
@article{zhou2012predicting,
  title={Predicting regional neurodegeneration from the healthy brain functional connectome},
  author={Zhou, Juan and Gennatas, Efstathios D and Kramer, Joel H and Miller, Bruce L and Seeley, William W},
  journal={Neuron},
  volume={73},
  number={6},
  pages={1216--1227},
  year={2012},
  publisher={Elsevier}
}
@article{whitwell2007imaging,
  title={Imaging correlates of posterior cortical atrophy},
  author={Whitwell, Jennifer L and Jack, Clifford R and Kantarci, Kejal and Weigand, Stephen D and Boeve, Bradley F and Knopman, David S and Drubach, Daniel A and Tang-Wai, David F and Petersen, Ronald C and Josephs, Keith A},
  journal={Neurobiology of aging},
  volume={28},
  number={7},
  pages={1051--1061},
  year={2007},
  publisher={Elsevier}
}
@article{convit1995hippocampal,
  title={Hippocampal volume losses in minimally impaired elderly},
  author={Convit, Antonio and de Leon, MonyJ and Tarshish, Chaim and De Santi, Susan and Kluger, Alan and Rusinek, Henry and George, AjaxE},
  journal={The Lancet},
  volume={345},
  number={8944},
  pages={266},
  year={1995},
  publisher={Elsevier}
}
@article{xu2000usefulness,
  title={Usefulness of MRI measures of entorhinal cortex versus hippocampus in AD},
  author={Xu, Y and Jack, CR and O’brien, PC and Kokmen, E and Smith, Glenn E and Ivnik, Robert J and Boeve, Bradley F and Tangalos, RG and Petersen, Ronald Carl},
  journal={Neurology},
  volume={54},
  number={9},
  pages={1760--1767},
  year={2000},
  publisher={AAN Enterprises}
}
@article{lehmann2011basic,
  title={Basic visual function and cortical thickness patterns in posterior cortical atrophy},
  author={Lehmann, Manja and Barnes, Josephine and Ridgway, Gerard R and Wattam-Bell, John and Warrington, Elizabeth K and Fox, Nick C and Crutch, Sebastian J},
  journal={Cerebral cortex},
  volume={21},
  number={9},
  pages={2122--2132},
  year={2011},
  publisher={Oxford Univ Press}
}
@article{ross1996progressive,
  title={Progressive biparietal atrophy: an atypical presentation of Alzheimer's disease.},
  author={Ross, SJ and Graham, Naida and Stuart-Green, Lindsay and Prins, Miriam and Xuereb, John and Patterson, Karalyn and Hodges, John R},
  journal={Journal of Neurology, Neurosurgery \& Psychiatry},
  volume={61},
  number={4},
  pages={388--395},
  year={1996},
  publisher={BMJ Publishing Group Ltd}
}
@article{galton2000atypical,
  title={Atypical and typical presentations of Alzheimer's disease: a clinical, neuropsychological, neuroimaging and pathological study of 13 cases},
  author={Galton, Clare J and Patterson, Karalyn and Xuereb, John H and Hodges, John R},
  journal={Brain},
  volume={123},
  number={3},
  pages={484--498},
  year={2000},
  publisher={Oxford Univ Press}
}
@article{kiyosawa1989alzheimer,
  title={Alzheimer's disease with prominent visual symptoms: clinical and metabolic evaluation},
  author={Kiyosawa, Motohiro and Bosley, Thomas M and Chawluk, John and Jamieson, Dara and Schatz, Norman J and Savino, Peter J and Sergott, Robert C and Reivich, Martin and Alavi, Abass},
  journal={Ophthalmology},
  volume={96},
  number={7},
  pages={1077--1086},
  year={1989},
  publisher={Elsevier}
}
@article{kloppel2008automatic,
  title={Automatic classification of MR scans in Alzheimer's disease},
  author={Kl{\"o}ppel, Stefan and Stonnington, Cynthia M and Chu, Carlton and Draganski, Bogdan and Scahill, Rachael I and Rohrer, Jonathan D and Fox, Nick C and Jack, Clifford R and Ashburner, John and Frackowiak, Richard SJ},
  journal={Brain},
  volume={131},
  number={3},
  pages={681--689},
  year={2008},
  publisher={Oxford Univ Press}
}
@article{lao2004morphological,
  title={Morphological classification of brains via high-dimensional shape transformations and machine learning methods},
  author={Lao, Zhiqiang and Shen, Dinggang and Xue, Zhong and Karacali, Bilge and Resnick, Susan M and Davatzikos, Christos},
  journal={Neuroimage},
  volume={21},
  number={1},
  pages={46--57},
  year={2004},
  publisher={Elsevier}
}
@inproceedings{fan2005classification,
  title={Classification of structural images via high-dimensional image warping, robust feature extraction, and SVM},
  author={Fan, Yong and Shen, Dinggang and Davatzikos, Christos},
  booktitle={International Conference on Medical Image Computing and Computer-Assisted Intervention},
  pages={1--8},
  year={2005},
  organization={Springer}
}
@article{mourao2005classifying,
  title={Classifying brain states and determining the discriminating activation patterns: support vector machine on functional MRI data},
  author={Mour{\~a}o-Miranda, Janaina and Bokde, Arun LW and Born, Christine and Hampel, Harald and Stetter, Martin},
  journal={NeuroImage},
  volume={28},
  number={4},
  pages={980--995},
  year={2005},
  publisher={Elsevier}
}
@article{kawasaki2007multivariate,
  title={Multivariate voxel-based morphometry successfully differentiates schizophrenia patients from healthy controls},
  author={Kawasaki, Yasuhiro and Suzuki, Michio and Kherif, Ferath and Takahashi, Tsutomu and Zhou, Shi-Yu and Nakamura, Kazue and Matsui, Mie and Sumiyoshi, Tomiki and Seto, Hikaru and Kurachi, Masayoshi},
  journal={Neuroimage},
  volume={34},
  number={1},
  pages={235--242},
  year={2007},
  publisher={Elsevier}
}
@article{pennanen2004hippocampus,
  title={Hippocampus and entorhinal cortex in mild cognitive impairment and early AD},
  author={Pennanen, Corina and Kivipelto, Miia and Tuomainen, Susanna and Hartikainen, P{\"a}ivi and H{\"a}nninen, Tuomo and Laakso, Mikko P and Hallikainen, Merja and Vanhanen, Matti and Nissinen, Aulikki and Helkala, Eeva-Liisa and others},
  journal={Neurobiology of aging},
  volume={25},
  number={3},
  pages={303--310},
  year={2004},
  publisher={Elsevier}
}
@article{braak1994morphological,
  title={Morphological criteria for the recognition of Alzheimer's disease and the distribution pattern of cortical changes related to this disorder},
  author={Braak, Heiko and Braak, Eva},
  journal={Neurobiology of aging},
  volume={15},
  number={3},
  pages={355--356},
  year={1994},
  publisher={Elsevier}
}
@article{laakso2000hippocampus,
  title={Hippocampus and entorhinal cortex in frontotemporal dementia and Alzheimer’s disease: a morphometric MRI study},
  author={Laakso, Mikko P and Frisoni, Giovanni B and K{\"o}n{\"o}nen, Mervi and Mikkonen, Mia and Beltramello, Alberto and Geroldi, Claudia and Bianchetti, Angelo and Trabucchi, Marco and Soininen, Hilkka and Aronen, Hannu J},
  journal={Biological psychiatry},
  volume={47},
  number={12},
  pages={1056--1063},
  year={2000},
  publisher={Elsevier}
}
@inproceedings{sukkar2012disease,
  title={Disease progression modeling using hidden Markov models},
  author={Sukkar, Rafid and Katz, Elyse and Zhang, Yanwei and Raunig, David and Wyman, Bradley T},
  booktitle={2012 Annual International Conference of the IEEE Engineering in Medicine and Biology Society},
  pages={2845--2848},
  year={2012},
  organization={IEEE}
}
@inproceedings{ho1995random,
  title={Random decision forests},
  author={Ho, Tin Kam},
  booktitle={Document Analysis and Recognition, 1995., Proceedings of the Third International Conference on},
  volume={1},
  pages={278--282},
  year={1995},
  organization={IEEE}
}
@article{breiman2001random,
  title={Random forests},
  author={Breiman, Leo},
  journal={Machine learning},
  volume={45},
  number={1},
  pages={5--32},
  year={2001},
  publisher={Springer}
}
@article{gray2013random,
  title={Random forest-based similarity measures for multi-modal classification of Alzheimer's disease},
  author={Gray, Katherine R and Aljabar, Paul and Heckemann, Rolf A and Hammers, Alexander and Rueckert, Daniel and Alzheimer's Disease Neuroimaging Initiative and others},
  journal={NeuroImage},
  volume={65},
  pages={167--175},
  year={2013},
  publisher={Elsevier}
}
@inproceedings{lempitsky2009random,
  title={Random forest classification for automatic delineation of myocardium in real-time 3D echocardiography},
  author={Lempitsky, Victor and Verhoek, Michael and Noble, J Alison and Blake, Andrew},
  booktitle={International Conference on Functional Imaging and Modeling of the Heart},
  pages={447--456},
  year={2009},
  organization={Springer}
}
@article{maroco2011data,
  title={Data mining methods in the prediction of Dementia: A real-data comparison of the accuracy, sensitivity and specificity of linear discriminant analysis, logistic regression, neural networks, support vector machines, classification trees and random forests},
  author={Maroco, Jo{\~a}o and Silva, Dina and Rodrigues, Ana and Guerreiro, Manuela and Santana, Isabel and de Mendon{\c{c}}a, Alexandre},
  journal={BMC research notes},
  volume={4},
  number={1},
  pages={299},
  year={2011},
  publisher={BioMed Central}
}
@inproceedings{alexander2014image,
  title={Image quality transfer via random forest regression: applications in diffusion MRI},
  author={Alexander, Daniel C and Zikic, Darko and Zhang, Jiaying and Zhang, Hui and Criminisi, Antonio},
  booktitle={International Conference on Medical Image Computing and Computer-Assisted Intervention},
  pages={225--232},
  year={2014},
  organization={Springer}
}




